% Bibliography entry for arnum.tex.

@INPROCEEDINGS{Bradford:86,
  AUTHOR = "R. J. Bradford and A. C. Hearn and J. A. Padget and E.
            Schr{\"u}fer",
  TITLE = "Enlarging the {REDUCE} Domain of Computation",
  BOOKTITLE = "Proceedings of {SYMSAC} '86", YEAR = 1986,
  PAGES = "100-106"}

@INPROCEEDINGS{Trager:76,
  AUTHOR = "B. M. Trager",
  TITLE = "Algebraic Factoring and Rational Function Integration",
  BOOKTITLE = "Proceedings of {SYMSAC} '76",
  YEAR = 1976, PAGES = "196-208"}

@INCOLLECTION{Davenport:81,
  AUTHOR = "James Harold Davenport",
  TITLE = "On the Integration of Algebraic Functions",
  BOOKTITLE = "Lecture Notes in Computer Science",
  PUBLISHER = "Springer Verlag",
  VOLUME = 102, YEAR = 1981}
