% Bibliography entry for camal.tex.

@InProceedings{Barnes,
  author =      "A. Barnes and J. A. Padget",
  title =       "Univariate Power Series Expansions in {Reduce}",
  booktitle =   "Proceedings of ISSAC'90",
  year =        "1990",
  editor =      "S. Watanabe and M. Nagata",
  pages =       "82--7",
  organization =        "ACM",
  publisher =   "Addison-Wesley"
}

@Article{Barton67a,
  author =      "D. Barton",
  title =       "",
  journal =     "Astronomical Journal",
  year =        "1967",
  volume =      "72",
  pages =       "1281--7"
}

@Article{Barton67b,
  author =      "D. Barton",
  title =       "A scheme for manipulative algebra on a computer",
  journal =     "Computer Journal",
  year =        "1967",
  volume =      "9",
  pages =       "340--4"
}

@Article{Barton72,
  author =      "D. Barton and J. P. Fitch",
  title =       "The Application of Symbolic Algebra System to Physics",
  journal =     "Reports on Progress in Physics",
  year =        "1972",
  volume =      "35",
  pages =       "235--314"
}

@ARTICLE{Bourne,
        AUTHOR = {Stephen R. Bourne},
        TITLE = {Literal expressions for the co-ordinates of the moon.
                {I}. The first degree terms},
        JOURNAL = {Celestial Mechanics},
        VOLUME = {6},
        PAGES = {167--186},
        YEAR = {1972},
        GENERATED = {Mon Oct 23 19:42:01 GMT 1989 on fino}
}

@Book{Brown,
  author =      "E. W. Brown",
  title =       "An Introductory Treatise on the Lunar Theory",
  publisher =   "Cambridge University Press",
  year =        "1896"
}

@Manual{CAMALF,
  title =       "{CAMAL} {User's} {Manual}",
  author =      "J. P. Fitch",
  organization =        "University of Cambridge Computer Laboratory",
  edition =     "2nd",
  year =        "1983"
}

@Book{Delaunay,
  author =      "C. Delaunay",
  title =       "Th\'eorie du Mouvement de la Lune",
  publisher =   "Mallet-Bachelier",
  year =        "1860",
  series =      "(Extraits des M\'em. Acad. Sci.)",
  address =     "Paris"
}

@Article{Fateman,
  author = 	 {Richard J. Fateman},
  title = 	 {On the Multiplication of Poisson Series},
  journal = 	 {Celestial Mechanics},
  year = 	 {1974},
  OPTkey = 	 {},
  volume =	 {10},
  number =	 {2},
  month =	 {October},
  pages =	 {243--249}
}

@Article{Jefferys,
  author =      "W. H. Jeffereys",
  title =       "",
  journal =     "Celestial Mechanics",
  year =        "1970",
  volume =      "2",
  pages =       "474--80"
}
@Article{LectureNotes,
  author =      "J. P. Fitch",
  title =       "Syllabus for Algebraic Manipulation Lectures in Cambridge",
  journal =     "SIGSAM Bulletin",
  year =        "1975",
  volume =      "32",
  pages =       "15"
}


