@ARTICLE{Fillebrown:92,
   AUTHOR = "Sandra Fillebrown",
   TITLE = "Faster Computation of Bernoulli Numbers",
   JOURNAL = "Journal of Algorithms",
   YEAR = 1992, VOLUME = 13, PAGES = "431-445"}

@BOOK{Abramowitz:72,
   EDITOR = "Milton Abramowitz and Irene A. Stegun",
   TITLE = "Handbook of Mathematical Functions",
   PUBLISHER = "Dover Publications, New York",
   YEAR = 1972}

@ARTICLE{Koepf:92,
   AUTHOR = "Wolfram Koepf",
   TITLE = "Power Series in Computer Algebra",
   JOURNAL = "Journal of Symbolic Computation",
   YEAR = 1992, VOLUME = 13, PAGES = "581-603"}

@BOOK{Bender:78,
   AUTHOR = "Carl M. Bender and Steven A. Orszag",
   TITLE = "Advanced Mathematical Methods for Scientists and Engineers",
   PUBLISHER = "McGraw-Hill",
   YEAR = 1978}

@BOOK{Landolt:68,
   AUTHOR = "Landolt-Boernstein",
   TITLE = "Zahlenwerte und Funktionen aus Naturwissenschaften und Technik",
   PUBLISHER = "Springer",
   YEAR = 1968}

@BOOK{Edmonds:57,
   AUTHOR = "A. R. Edmonds",
   TITLE = "Angular Momentum in Quantum Mechanics",
   PUBLISHER = "Princeton University Press",
   YEAR = 1957}

@BOOK{Khinchin:64,
   AUTHOR = "Aleksandr J. Khinchin",
   TITLE = "Continued Fractions",
   PUBLISHER = "University of Chicago Press",
   YEAR = 1964}

@BOOK{Corless:92,
   AUTHOR = "R.M. Corless, G.H. Gonnet, D.E.G. Hare and D.J. Jeffrey",
   TITLE = "On Lambert's W Function",
   PUBLISHER = "Preprint, University of Waterloo",
   YEAR = 1992}



